%YAML 1.1
%TAG !u! tag:unity3d.com,2011:
--- !u!29 &1
OcclusionCullingSettings:
  m_ObjectHideFlags: 0
  serializedVersion: 2
  m_OcclusionBakeSettings:
    smallestOccluder: 5
    smallestHole: 0.25
    backfaceThreshold: 100
  m_SceneGUID: 00000000000000000000000000000000
  m_OcclusionCullingData: {fileID: 0}
--- !u!104 &2
RenderSettings:
  m_ObjectHideFlags: 0
  serializedVersion: 9
  m_Fog: 0
  m_FogColor: {r: 0.5, g: 0.5, b: 0.5, a: 1}
  m_FogMode: 3
  m_FogDensity: 0.01
  m_LinearFogStart: 0
  m_LinearFogEnd: 300
  m_AmbientSkyColor: {r: 0.212, g: 0.227, b: 0.259, a: 1}
  m_AmbientEquatorColor: {r: 0.114, g: 0.125, b: 0.133, a: 1}
  m_AmbientGroundColor: {r: 0.047, g: 0.043, b: 0.035, a: 1}
  m_AmbientIntensity: 1
  m_AmbientMode: 0
  m_SubtractiveShadowColor: {r: 0.42, g: 0.478, b: 0.627, a: 1}
  m_SkyboxMaterial: {fileID: 2100000, guid: ce8f24753b1927049b3469eb36440957, type: 2}
  m_HaloStrength: 0.5
  m_FlareStrength: 1
  m_FlareFadeSpeed: 3
  m_HaloTexture: {fileID: 0}
  m_SpotCookie: {fileID: 10001, guid: 0000000000000000e000000000000000, type: 0}
  m_DefaultReflectionMode: 0
  m_DefaultReflectionResolution: 64
  m_ReflectionBounces: 1
  m_ReflectionIntensity: 1
  m_CustomReflection: {fileID: 0}
  m_Sun: {fileID: 705507994}
  m_IndirectSpecularColor: {r: 0.44657898, g: 0.4964133, b: 0.5748178, a: 1}
  m_UseRadianceAmbientProbe: 0
--- !u!157 &3
LightmapSettings:
  m_ObjectHideFlags: 0
  serializedVersion: 12
  m_GIWorkflowMode: 1
  m_GISettings:
    serializedVersion: 2
    m_BounceScale: 1
    m_IndirectOutputScale: 1
    m_AlbedoBoost: 1
    m_EnvironmentLightingMode: 0
    m_EnableBakedLightmaps: 1
    m_EnableRealtimeLightmaps: 0
  m_LightmapEditorSettings:
    serializedVersion: 12
    m_Resolution: 2
    m_BakeResolution: 40
    m_AtlasSize: 1024
    m_AO: 0
    m_AOMaxDistance: 1
    m_CompAOExponent: 1
    m_CompAOExponentDirect: 0
    m_ExtractAmbientOcclusion: 0
    m_Padding: 2
    m_LightmapParameters: {fileID: 0}
    m_LightmapsBakeMode: 1
    m_TextureCompression: 1
    m_FinalGather: 0
    m_FinalGatherFiltering: 1
    m_FinalGatherRayCount: 256
    m_ReflectionCompression: 2
    m_MixedBakeMode: 2
    m_BakeBackend: 1
    m_PVRSampling: 1
    m_PVRDirectSampleCount: 32
    m_PVRSampleCount: 500
    m_PVRBounces: 2
    m_PVREnvironmentSampleCount: 500
    m_PVREnvironmentReferencePointCount: 2048
    m_PVRFilteringMode: 2
    m_PVRDenoiserTypeDirect: 0
    m_PVRDenoiserTypeIndirect: 0
    m_PVRDenoiserTypeAO: 0
    m_PVRFilterTypeDirect: 0
    m_PVRFilterTypeIndirect: 0
    m_PVRFilterTypeAO: 0
    m_PVREnvironmentMIS: 0
    m_PVRCulling: 1
    m_PVRFilteringGaussRadiusDirect: 1
    m_PVRFilteringGaussRadiusIndirect: 5
    m_PVRFilteringGaussRadiusAO: 2
    m_PVRFilteringAtrousPositionSigmaDirect: 0.5
    m_PVRFilteringAtrousPositionSigmaIndirect: 2
    m_PVRFilteringAtrousPositionSigmaAO: 1
    m_ExportTrainingData: 0
    m_TrainingDataDestination: TrainingData
    m_LightProbeSampleCountMultiplier: 4
  m_LightingDataAsset: {fileID: 112000000, guid: e1286b71ed28d95468bf97ba1c59d25f, type: 2}
  m_LightingSettings: {fileID: 4890085278179872738, guid: d1431a85a0021cb4fb5d11cf8edb81d8, type: 2}
--- !u!196 &4
NavMeshSettings:
  serializedVersion: 2
  m_ObjectHideFlags: 0
  m_BuildSettings:
    serializedVersion: 2
    agentTypeID: 0
    agentRadius: 0.5
    agentHeight: 2
    agentSlope: 45
    agentClimb: 0.5
    ledgeDropHeight: 0
    maxJumpAcrossDistance: 0
    minRegionArea: 2
    manualCellSize: 0
    cellSize: 0.16666667
    manualTileSize: 0
    tileSize: 256
    accuratePlacement: 0
    maxJobWorkers: 0
    preserveTilesOutsideBounds: 0
    debug:
      m_Flags: 0
  m_NavMeshData: {fileID: 23800000, guid: 38e1afa7f2d0f0140b5e3223db084ace, type: 2}
--- !u!224 &174693118 stripped
RectTransform:
  m_CorrespondingSourceObject: {fileID: 2634708283831662878, guid: 4328013a731dd9642a962e3729959889, type: 3}
  m_PrefabInstance: {fileID: 729281618}
  m_PrefabAsset: {fileID: 0}
--- !u!223 &174693121 stripped
Canvas:
  m_CorrespondingSourceObject: {fileID: 2634708283831662873, guid: 4328013a731dd9642a962e3729959889, type: 3}
  m_PrefabInstance: {fileID: 729281618}
  m_PrefabAsset: {fileID: 0}
--- !u!1 &387787574
GameObject:
  m_ObjectHideFlags: 0
  m_CorrespondingSourceObject: {fileID: 0}
  m_PrefabInstance: {fileID: 0}
  m_PrefabAsset: {fileID: 0}
  serializedVersion: 6
  m_Component:
  - component: {fileID: 387787578}
  - component: {fileID: 387787577}
  - component: {fileID: 387787576}
  - component: {fileID: 387787575}
  m_Layer: 0
  m_Name: Quad
  m_TagString: Untagged
  m_Icon: {fileID: 0}
  m_NavMeshLayer: 0
  m_StaticEditorFlags: 0
  m_IsActive: 1
--- !u!64 &387787575
MeshCollider:
  m_ObjectHideFlags: 0
  m_CorrespondingSourceObject: {fileID: 0}
  m_PrefabInstance: {fileID: 0}
  m_PrefabAsset: {fileID: 0}
  m_GameObject: {fileID: 387787574}
  m_Material: {fileID: 0}
  m_IsTrigger: 0
  m_Enabled: 1
  serializedVersion: 4
  m_Convex: 0
  m_CookingOptions: 30
  m_Mesh: {fileID: 10210, guid: 0000000000000000e000000000000000, type: 0}
--- !u!23 &387787576
MeshRenderer:
  m_ObjectHideFlags: 0
  m_CorrespondingSourceObject: {fileID: 0}
  m_PrefabInstance: {fileID: 0}
  m_PrefabAsset: {fileID: 0}
  m_GameObject: {fileID: 387787574}
  m_Enabled: 1
  m_CastShadows: 1
  m_ReceiveShadows: 1
  m_DynamicOccludee: 1
  m_MotionVectors: 1
  m_LightProbeUsage: 1
  m_ReflectionProbeUsage: 1
  m_RayTracingMode: 2
  m_RayTraceProcedural: 0
  m_RenderingLayerMask: 1
  m_RendererPriority: 0
  m_Materials:
  - {fileID: 2100000, guid: 580c49c0f45ca2d4aa84c41d865347c3, type: 2}
  m_StaticBatchInfo:
    firstSubMesh: 0
    subMeshCount: 0
  m_StaticBatchRoot: {fileID: 0}
  m_ProbeAnchor: {fileID: 0}
  m_LightProbeVolumeOverride: {fileID: 0}
  m_ScaleInLightmap: 1
  m_ReceiveGI: 1
  m_PreserveUVs: 0
  m_IgnoreNormalsForChartDetection: 0
  m_ImportantGI: 0
  m_StitchLightmapSeams: 1
  m_SelectedEditorRenderState: 3
  m_MinimumChartSize: 4
  m_AutoUVMaxDistance: 0.5
  m_AutoUVMaxAngle: 89
  m_LightmapParameters: {fileID: 0}
  m_SortingLayerID: 0
  m_SortingLayer: 0
  m_SortingOrder: 0
  m_AdditionalVertexStreams: {fileID: 0}
--- !u!33 &387787577
MeshFilter:
  m_ObjectHideFlags: 0
  m_CorrespondingSourceObject: {fileID: 0}
  m_PrefabInstance: {fileID: 0}
  m_PrefabAsset: {fileID: 0}
  m_GameObject: {fileID: 387787574}
  m_Mesh: {fileID: 10210, guid: 0000000000000000e000000000000000, type: 0}
--- !u!4 &387787578
Transform:
  m_ObjectHideFlags: 0
  m_CorrespondingSourceObject: {fileID: 0}
  m_PrefabInstance: {fileID: 0}
  m_PrefabAsset: {fileID: 0}
  m_GameObject: {fileID: 387787574}
  m_LocalRotation: {x: -0.7071099, y: -0, z: -0, w: -0.7071037}
  m_LocalPosition: {x: 0, y: 39.9, z: 0}
  m_LocalScale: {x: 202, y: 150.33, z: 1}
  m_Children: []
  m_Father: {fileID: 0}
  m_RootOrder: 6
  m_LocalEulerAnglesHint: {x: -270, y: 0, z: 0}
--- !u!1 &390216455
GameObject:
  m_ObjectHideFlags: 0
  m_CorrespondingSourceObject: {fileID: 0}
  m_PrefabInstance: {fileID: 0}
  m_PrefabAsset: {fileID: 0}
  serializedVersion: 6
  m_Component:
  - component: {fileID: 390216456}
  m_Layer: 0
  m_Name: === ENVIRONMENT ===
  m_TagString: Untagged
  m_Icon: {fileID: 0}
  m_NavMeshLayer: 0
  m_StaticEditorFlags: 0
  m_IsActive: 1
--- !u!4 &390216456
Transform:
  m_ObjectHideFlags: 0
  m_CorrespondingSourceObject: {fileID: 0}
  m_PrefabInstance: {fileID: 0}
  m_PrefabAsset: {fileID: 0}
  m_GameObject: {fileID: 390216455}
  m_LocalRotation: {x: 0, y: 0, z: 0, w: 1}
  m_LocalPosition: {x: 0, y: 0, z: 0}
  m_LocalScale: {x: 1, y: 1, z: 1}
  m_Children:
  - {fileID: 1855914913}
  m_Father: {fileID: 0}
  m_RootOrder: 0
  m_LocalEulerAnglesHint: {x: 0, y: 0, z: 0}
--- !u!1 &705507993
GameObject:
  m_ObjectHideFlags: 0
  m_CorrespondingSourceObject: {fileID: 0}
  m_PrefabInstance: {fileID: 0}
  m_PrefabAsset: {fileID: 0}
  serializedVersion: 6
  m_Component:
  - component: {fileID: 705507995}
  - component: {fileID: 705507994}
  m_Layer: 0
  m_Name: Directional Light
  m_TagString: Untagged
  m_Icon: {fileID: 0}
  m_NavMeshLayer: 0
  m_StaticEditorFlags: 0
  m_IsActive: 1
--- !u!108 &705507994
Light:
  m_ObjectHideFlags: 0
  m_CorrespondingSourceObject: {fileID: 0}
  m_PrefabInstance: {fileID: 0}
  m_PrefabAsset: {fileID: 0}
  m_GameObject: {fileID: 705507993}
  m_Enabled: 1
  serializedVersion: 10
  m_Type: 1
  m_Shape: 0
  m_Color: {r: 1, g: 0.95686275, b: 0.8392157, a: 1}
  m_Intensity: 1
  m_Range: 10
  m_SpotAngle: 30
  m_InnerSpotAngle: 21.80208
  m_CookieSize: 10
  m_Shadows:
    m_Type: 2
    m_Resolution: -1
    m_CustomResolution: -1
    m_Strength: 1
    m_Bias: 0.05
    m_NormalBias: 0.4
    m_NearPlane: 0.2
    m_CullingMatrixOverride:
      e00: 1
      e01: 0
      e02: 0
      e03: 0
      e10: 0
      e11: 1
      e12: 0
      e13: 0
      e20: 0
      e21: 0
      e22: 1
      e23: 0
      e30: 0
      e31: 0
      e32: 0
      e33: 1
    m_UseCullingMatrixOverride: 0
  m_Cookie: {fileID: 0}
  m_DrawHalo: 0
  m_Flare: {fileID: 0}
  m_RenderMode: 0
  m_CullingMask:
    serializedVersion: 2
    m_Bits: 4294967295
  m_RenderingLayerMask: 1
  m_Lightmapping: 1
  m_LightShadowCasterMode: 0
  m_AreaSize: {x: 1, y: 1}
  m_BounceIntensity: 1
  m_ColorTemperature: 6570
  m_UseColorTemperature: 0
  m_BoundingSphereOverride: {x: 0, y: 0, z: 0, w: 0}
  m_UseBoundingSphereOverride: 0
  m_UseViewFrustumForShadowCasterCull: 1
  m_ShadowRadius: 0
  m_ShadowAngle: 0
--- !u!4 &705507995
Transform:
  m_ObjectHideFlags: 0
  m_CorrespondingSourceObject: {fileID: 0}
  m_PrefabInstance: {fileID: 0}
  m_PrefabAsset: {fileID: 0}
  m_GameObject: {fileID: 705507993}
  m_LocalRotation: {x: 0.40821788, y: -0.23456968, z: 0.10938163, w: 0.8754261}
  m_LocalPosition: {x: 0, y: 3, z: 0}
  m_LocalScale: {x: 1, y: 1, z: 1}
  m_Children: []
  m_Father: {fileID: 0}
  m_RootOrder: 1
  m_LocalEulerAnglesHint: {x: 50, y: -30, z: 0}
--- !u!1001 &729281618
PrefabInstance:
  m_ObjectHideFlags: 0
  serializedVersion: 2
  m_Modification:
    m_TransformParent: {fileID: 1735398346}
    m_Modifications:
    - target: {fileID: 2634708283831662877, guid: 4328013a731dd9642a962e3729959889, type: 3}
      propertyPath: m_Name
      value: Game Over Canvas
      objectReference: {fileID: 0}
    - target: {fileID: 2634708283831662878, guid: 4328013a731dd9642a962e3729959889, type: 3}
      propertyPath: m_Pivot.x
      value: 0
      objectReference: {fileID: 0}
    - target: {fileID: 2634708283831662878, guid: 4328013a731dd9642a962e3729959889, type: 3}
      propertyPath: m_Pivot.y
      value: 0
      objectReference: {fileID: 0}
    - target: {fileID: 2634708283831662878, guid: 4328013a731dd9642a962e3729959889, type: 3}
      propertyPath: m_RootOrder
      value: 0
      objectReference: {fileID: 0}
    - target: {fileID: 2634708283831662878, guid: 4328013a731dd9642a962e3729959889, type: 3}
      propertyPath: m_AnchorMax.x
      value: 0
      objectReference: {fileID: 0}
    - target: {fileID: 2634708283831662878, guid: 4328013a731dd9642a962e3729959889, type: 3}
      propertyPath: m_AnchorMax.y
      value: 0
      objectReference: {fileID: 0}
    - target: {fileID: 2634708283831662878, guid: 4328013a731dd9642a962e3729959889, type: 3}
      propertyPath: m_AnchorMin.x
      value: 0
      objectReference: {fileID: 0}
    - target: {fileID: 2634708283831662878, guid: 4328013a731dd9642a962e3729959889, type: 3}
      propertyPath: m_AnchorMin.y
      value: 0
      objectReference: {fileID: 0}
    - target: {fileID: 2634708283831662878, guid: 4328013a731dd9642a962e3729959889, type: 3}
      propertyPath: m_SizeDelta.x
      value: 0
      objectReference: {fileID: 0}
    - target: {fileID: 2634708283831662878, guid: 4328013a731dd9642a962e3729959889, type: 3}
      propertyPath: m_SizeDelta.y
      value: 0
      objectReference: {fileID: 0}
    - target: {fileID: 2634708283831662878, guid: 4328013a731dd9642a962e3729959889, type: 3}
      propertyPath: m_LocalPosition.x
      value: 0
      objectReference: {fileID: 0}
    - target: {fileID: 2634708283831662878, guid: 4328013a731dd9642a962e3729959889, type: 3}
      propertyPath: m_LocalPosition.y
      value: 0
      objectReference: {fileID: 0}
    - target: {fileID: 2634708283831662878, guid: 4328013a731dd9642a962e3729959889, type: 3}
      propertyPath: m_LocalPosition.z
      value: 0
      objectReference: {fileID: 0}
    - target: {fileID: 2634708283831662878, guid: 4328013a731dd9642a962e3729959889, type: 3}
      propertyPath: m_LocalRotation.w
      value: 1
      objectReference: {fileID: 0}
    - target: {fileID: 2634708283831662878, guid: 4328013a731dd9642a962e3729959889, type: 3}
      propertyPath: m_LocalRotation.x
      value: 0
      objectReference: {fileID: 0}
    - target: {fileID: 2634708283831662878, guid: 4328013a731dd9642a962e3729959889, type: 3}
      propertyPath: m_LocalRotation.y
      value: 0
      objectReference: {fileID: 0}
    - target: {fileID: 2634708283831662878, guid: 4328013a731dd9642a962e3729959889, type: 3}
      propertyPath: m_LocalRotation.z
      value: 0
      objectReference: {fileID: 0}
    - target: {fileID: 2634708283831662878, guid: 4328013a731dd9642a962e3729959889, type: 3}
      propertyPath: m_AnchoredPosition.x
      value: 0
      objectReference: {fileID: 0}
    - target: {fileID: 2634708283831662878, guid: 4328013a731dd9642a962e3729959889, type: 3}
      propertyPath: m_AnchoredPosition.y
      value: 0
      objectReference: {fileID: 0}
    - target: {fileID: 2634708283831662878, guid: 4328013a731dd9642a962e3729959889, type: 3}
      propertyPath: m_LocalEulerAnglesHint.x
      value: 0
      objectReference: {fileID: 0}
    - target: {fileID: 2634708283831662878, guid: 4328013a731dd9642a962e3729959889, type: 3}
      propertyPath: m_LocalEulerAnglesHint.y
      value: 0
      objectReference: {fileID: 0}
    - target: {fileID: 2634708283831662878, guid: 4328013a731dd9642a962e3729959889, type: 3}
      propertyPath: m_LocalEulerAnglesHint.z
      value: 0
      objectReference: {fileID: 0}
    m_RemovedComponents: []
  m_SourcePrefab: {fileID: 100100000, guid: 4328013a731dd9642a962e3729959889, type: 3}
--- !u!1 &788060303
GameObject:
  m_ObjectHideFlags: 0
  m_CorrespondingSourceObject: {fileID: 0}
  m_PrefabInstance: {fileID: 0}
  m_PrefabAsset: {fileID: 0}
  serializedVersion: 6
  m_Component:
  - component: {fileID: 788060304}
  m_Layer: 0
  m_Name: === PICKUPS ===
  m_TagString: Untagged
  m_Icon: {fileID: 0}
  m_NavMeshLayer: 0
  m_StaticEditorFlags: 0
  m_IsActive: 1
--- !u!4 &788060304
Transform:
  m_ObjectHideFlags: 0
  m_CorrespondingSourceObject: {fileID: 0}
  m_PrefabInstance: {fileID: 0}
  m_PrefabAsset: {fileID: 0}
  m_GameObject: {fileID: 788060303}
  m_LocalRotation: {x: 0, y: 0, z: 0, w: 1}
  m_LocalPosition: {x: 0, y: 0, z: 0}
  m_LocalScale: {x: 1, y: 1, z: 1}
  m_Children: []
  m_Father: {fileID: 0}
  m_RootOrder: 5
  m_LocalEulerAnglesHint: {x: 0, y: 0, z: 0}
--- !u!4 &818119258 stripped
Transform:
  m_CorrespondingSourceObject: {fileID: 3120653558509580149, guid: 0c8dffce65272e64ca11b5a3198cec5f, type: 3}
  m_PrefabInstance: {fileID: 1795799976}
  m_PrefabAsset: {fileID: 0}
--- !u!1001 &857416417
PrefabInstance:
  m_ObjectHideFlags: 0
  serializedVersion: 2
  m_Modification:
    m_TransformParent: {fileID: 1735398346}
    m_Modifications:
    - target: {fileID: 6422998523697148141, guid: 997953cb9f1a7b745b6adab343ded979, type: 3}
      propertyPath: m_Pivot.x
      value: 0
      objectReference: {fileID: 0}
    - target: {fileID: 6422998523697148141, guid: 997953cb9f1a7b745b6adab343ded979, type: 3}
      propertyPath: m_Pivot.y
      value: 0
      objectReference: {fileID: 0}
    - target: {fileID: 6422998523697148141, guid: 997953cb9f1a7b745b6adab343ded979, type: 3}
      propertyPath: m_RootOrder
      value: 1
      objectReference: {fileID: 0}
    - target: {fileID: 6422998523697148141, guid: 997953cb9f1a7b745b6adab343ded979, type: 3}
      propertyPath: m_AnchorMax.x
      value: 0
      objectReference: {fileID: 0}
    - target: {fileID: 6422998523697148141, guid: 997953cb9f1a7b745b6adab343ded979, type: 3}
      propertyPath: m_AnchorMax.y
      value: 0
      objectReference: {fileID: 0}
    - target: {fileID: 6422998523697148141, guid: 997953cb9f1a7b745b6adab343ded979, type: 3}
      propertyPath: m_AnchorMin.x
      value: 0
      objectReference: {fileID: 0}
    - target: {fileID: 6422998523697148141, guid: 997953cb9f1a7b745b6adab343ded979, type: 3}
      propertyPath: m_AnchorMin.y
      value: 0
      objectReference: {fileID: 0}
    - target: {fileID: 6422998523697148141, guid: 997953cb9f1a7b745b6adab343ded979, type: 3}
      propertyPath: m_SizeDelta.x
      value: 0
      objectReference: {fileID: 0}
    - target: {fileID: 6422998523697148141, guid: 997953cb9f1a7b745b6adab343ded979, type: 3}
      propertyPath: m_SizeDelta.y
      value: 0
      objectReference: {fileID: 0}
    - target: {fileID: 6422998523697148141, guid: 997953cb9f1a7b745b6adab343ded979, type: 3}
      propertyPath: m_LocalPosition.x
      value: 0
      objectReference: {fileID: 0}
    - target: {fileID: 6422998523697148141, guid: 997953cb9f1a7b745b6adab343ded979, type: 3}
      propertyPath: m_LocalPosition.y
      value: 0
      objectReference: {fileID: 0}
    - target: {fileID: 6422998523697148141, guid: 997953cb9f1a7b745b6adab343ded979, type: 3}
      propertyPath: m_LocalPosition.z
      value: 0
      objectReference: {fileID: 0}
    - target: {fileID: 6422998523697148141, guid: 997953cb9f1a7b745b6adab343ded979, type: 3}
      propertyPath: m_LocalRotation.w
      value: 1
      objectReference: {fileID: 0}
    - target: {fileID: 6422998523697148141, guid: 997953cb9f1a7b745b6adab343ded979, type: 3}
      propertyPath: m_LocalRotation.x
      value: 0
      objectReference: {fileID: 0}
    - target: {fileID: 6422998523697148141, guid: 997953cb9f1a7b745b6adab343ded979, type: 3}
      propertyPath: m_LocalRotation.y
      value: 0
      objectReference: {fileID: 0}
    - target: {fileID: 6422998523697148141, guid: 997953cb9f1a7b745b6adab343ded979, type: 3}
      propertyPath: m_LocalRotation.z
      value: 0
      objectReference: {fileID: 0}
    - target: {fileID: 6422998523697148141, guid: 997953cb9f1a7b745b6adab343ded979, type: 3}
      propertyPath: m_AnchoredPosition.x
      value: 0
      objectReference: {fileID: 0}
    - target: {fileID: 6422998523697148141, guid: 997953cb9f1a7b745b6adab343ded979, type: 3}
      propertyPath: m_AnchoredPosition.y
      value: 0
      objectReference: {fileID: 0}
    - target: {fileID: 6422998523697148141, guid: 997953cb9f1a7b745b6adab343ded979, type: 3}
      propertyPath: m_LocalEulerAnglesHint.x
      value: 0
      objectReference: {fileID: 0}
    - target: {fileID: 6422998523697148141, guid: 997953cb9f1a7b745b6adab343ded979, type: 3}
      propertyPath: m_LocalEulerAnglesHint.y
      value: 0
      objectReference: {fileID: 0}
    - target: {fileID: 6422998523697148141, guid: 997953cb9f1a7b745b6adab343ded979, type: 3}
      propertyPath: m_LocalEulerAnglesHint.z
      value: 0
      objectReference: {fileID: 0}
    - target: {fileID: 6422998523697148142, guid: 997953cb9f1a7b745b6adab343ded979, type: 3}
      propertyPath: m_Name
      value: Gun Reticle Canvas
      objectReference: {fileID: 0}
    m_RemovedComponents: []
  m_SourcePrefab: {fileID: 100100000, guid: 997953cb9f1a7b745b6adab343ded979, type: 3}
--- !u!4 &865265861 stripped
Transform:
  m_CorrespondingSourceObject: {fileID: 4936490315199674459, guid: 701b7a647ebf9b74db1b7a4c5dc51ad3, type: 3}
  m_PrefabInstance: {fileID: 4936490314370322590}
  m_PrefabAsset: {fileID: 0}
--- !u!4 &1014267734 stripped
Transform:
  m_CorrespondingSourceObject: {fileID: 5861178273821102697, guid: 405b47505954d404fb184fcf471668dd, type: 3}
  m_PrefabInstance: {fileID: 1140881437}
  m_PrefabAsset: {fileID: 0}
--- !u!1001 &1064027187
PrefabInstance:
  m_ObjectHideFlags: 0
  serializedVersion: 2
  m_Modification:
    m_TransformParent: {fileID: 0}
    m_Modifications:
    - target: {fileID: 1149684614, guid: 9a40e58303b54c748814c0bc9c61d9fe, type: 3}
      propertyPath: m_BaseOffset
      value: -0.1
      objectReference: {fileID: 0}
    - target: {fileID: 293857986025344084, guid: 9a40e58303b54c748814c0bc9c61d9fe, type: 3}
      propertyPath: _target
      value: 
      objectReference: {fileID: 865265861}
    - target: {fileID: 1800240419753755914, guid: 9a40e58303b54c748814c0bc9c61d9fe, type: 3}
      propertyPath: m_Name
      value: Enemy2.0
      objectReference: {fileID: 0}
    - target: {fileID: 1800240419753755915, guid: 9a40e58303b54c748814c0bc9c61d9fe, type: 3}
      propertyPath: m_RootOrder
      value: 4
      objectReference: {fileID: 0}
    - target: {fileID: 1800240419753755915, guid: 9a40e58303b54c748814c0bc9c61d9fe, type: 3}
      propertyPath: m_LocalPosition.x
      value: 19.4
      objectReference: {fileID: 0}
    - target: {fileID: 1800240419753755915, guid: 9a40e58303b54c748814c0bc9c61d9fe, type: 3}
      propertyPath: m_LocalPosition.y
      value: 49.806
      objectReference: {fileID: 0}
    - target: {fileID: 1800240419753755915, guid: 9a40e58303b54c748814c0bc9c61d9fe, type: 3}
      propertyPath: m_LocalPosition.z
      value: -9.879
      objectReference: {fileID: 0}
    - target: {fileID: 1800240419753755915, guid: 9a40e58303b54c748814c0bc9c61d9fe, type: 3}
      propertyPath: m_LocalRotation.w
      value: 1
      objectReference: {fileID: 0}
    - target: {fileID: 1800240419753755915, guid: 9a40e58303b54c748814c0bc9c61d9fe, type: 3}
      propertyPath: m_LocalRotation.x
      value: -0
      objectReference: {fileID: 0}
    - target: {fileID: 1800240419753755915, guid: 9a40e58303b54c748814c0bc9c61d9fe, type: 3}
      propertyPath: m_LocalRotation.y
      value: -0
      objectReference: {fileID: 0}
    - target: {fileID: 1800240419753755915, guid: 9a40e58303b54c748814c0bc9c61d9fe, type: 3}
      propertyPath: m_LocalRotation.z
      value: -0
      objectReference: {fileID: 0}
    - target: {fileID: 1800240419753755915, guid: 9a40e58303b54c748814c0bc9c61d9fe, type: 3}
      propertyPath: m_LocalEulerAnglesHint.x
      value: 0
      objectReference: {fileID: 0}
    - target: {fileID: 1800240419753755915, guid: 9a40e58303b54c748814c0bc9c61d9fe, type: 3}
      propertyPath: m_LocalEulerAnglesHint.y
      value: 0
      objectReference: {fileID: 0}
    - target: {fileID: 1800240419753755915, guid: 9a40e58303b54c748814c0bc9c61d9fe, type: 3}
      propertyPath: m_LocalEulerAnglesHint.z
      value: 0
      objectReference: {fileID: 0}
    m_RemovedComponents: []
  m_SourcePrefab: {fileID: 100100000, guid: 9a40e58303b54c748814c0bc9c61d9fe, type: 3}
--- !u!1001 &1140881437
PrefabInstance:
  m_ObjectHideFlags: 0
  serializedVersion: 2
  m_Modification:
    m_TransformParent: {fileID: 1735398346}
    m_Modifications:
    - target: {fileID: 5861178273821102696, guid: 405b47505954d404fb184fcf471668dd, type: 3}
      propertyPath: m_Name
      value: EventSystem
      objectReference: {fileID: 0}
    - target: {fileID: 5861178273821102697, guid: 405b47505954d404fb184fcf471668dd, type: 3}
      propertyPath: m_RootOrder
      value: 2
      objectReference: {fileID: 0}
    - target: {fileID: 5861178273821102697, guid: 405b47505954d404fb184fcf471668dd, type: 3}
      propertyPath: m_LocalPosition.x
      value: 0
      objectReference: {fileID: 0}
    - target: {fileID: 5861178273821102697, guid: 405b47505954d404fb184fcf471668dd, type: 3}
      propertyPath: m_LocalPosition.y
      value: 0
      objectReference: {fileID: 0}
    - target: {fileID: 5861178273821102697, guid: 405b47505954d404fb184fcf471668dd, type: 3}
      propertyPath: m_LocalPosition.z
      value: 0
      objectReference: {fileID: 0}
    - target: {fileID: 5861178273821102697, guid: 405b47505954d404fb184fcf471668dd, type: 3}
      propertyPath: m_LocalRotation.w
      value: 1
      objectReference: {fileID: 0}
    - target: {fileID: 5861178273821102697, guid: 405b47505954d404fb184fcf471668dd, type: 3}
      propertyPath: m_LocalRotation.x
      value: -0
      objectReference: {fileID: 0}
    - target: {fileID: 5861178273821102697, guid: 405b47505954d404fb184fcf471668dd, type: 3}
      propertyPath: m_LocalRotation.y
      value: -0
      objectReference: {fileID: 0}
    - target: {fileID: 5861178273821102697, guid: 405b47505954d404fb184fcf471668dd, type: 3}
      propertyPath: m_LocalRotation.z
      value: -0
      objectReference: {fileID: 0}
    - target: {fileID: 5861178273821102697, guid: 405b47505954d404fb184fcf471668dd, type: 3}
      propertyPath: m_LocalEulerAnglesHint.x
      value: 0
      objectReference: {fileID: 0}
    - target: {fileID: 5861178273821102697, guid: 405b47505954d404fb184fcf471668dd, type: 3}
      propertyPath: m_LocalEulerAnglesHint.y
      value: 0
      objectReference: {fileID: 0}
    - target: {fileID: 5861178273821102697, guid: 405b47505954d404fb184fcf471668dd, type: 3}
      propertyPath: m_LocalEulerAnglesHint.z
      value: 0
      objectReference: {fileID: 0}
    m_RemovedComponents: []
  m_SourcePrefab: {fileID: 100100000, guid: 405b47505954d404fb184fcf471668dd, type: 3}
--- !u!1 &1735398345
GameObject:
  m_ObjectHideFlags: 0
  m_CorrespondingSourceObject: {fileID: 0}
  m_PrefabInstance: {fileID: 0}
  m_PrefabAsset: {fileID: 0}
  serializedVersion: 6
  m_Component:
  - component: {fileID: 1735398346}
  m_Layer: 0
  m_Name: UI
  m_TagString: Untagged
  m_Icon: {fileID: 0}
  m_NavMeshLayer: 0
  m_StaticEditorFlags: 0
  m_IsActive: 1
--- !u!4 &1735398346
Transform:
  m_ObjectHideFlags: 0
  m_CorrespondingSourceObject: {fileID: 0}
  m_PrefabInstance: {fileID: 0}
  m_PrefabAsset: {fileID: 0}
  m_GameObject: {fileID: 1735398345}
  m_LocalRotation: {x: 0, y: 0, z: 0, w: 1}
  m_LocalPosition: {x: 0, y: 0, z: 0}
  m_LocalScale: {x: 1, y: 1, z: 1}
  m_Children:
  - {fileID: 174693118}
  - {fileID: 1886896137}
  - {fileID: 1014267734}
  - {fileID: 818119258}
  m_Father: {fileID: 0}
  m_RootOrder: 3
  m_LocalEulerAnglesHint: {x: 0, y: 0, z: 0}
--- !u!1001 &1795799976
PrefabInstance:
  m_ObjectHideFlags: 0
  serializedVersion: 2
  m_Modification:
    m_TransformParent: {fileID: 1735398346}
    m_Modifications:
    - target: {fileID: 3120653558509580147, guid: 0c8dffce65272e64ca11b5a3198cec5f, type: 3}
      propertyPath: m_Name
      value: Game Session
      objectReference: {fileID: 0}
    - target: {fileID: 3120653558509580149, guid: 0c8dffce65272e64ca11b5a3198cec5f, type: 3}
      propertyPath: m_RootOrder
      value: 3
      objectReference: {fileID: 0}
    - target: {fileID: 3120653558509580149, guid: 0c8dffce65272e64ca11b5a3198cec5f, type: 3}
      propertyPath: m_LocalPosition.x
      value: 1130.1938
      objectReference: {fileID: 0}
    - target: {fileID: 3120653558509580149, guid: 0c8dffce65272e64ca11b5a3198cec5f, type: 3}
      propertyPath: m_LocalPosition.y
      value: 610.6803
      objectReference: {fileID: 0}
    - target: {fileID: 3120653558509580149, guid: 0c8dffce65272e64ca11b5a3198cec5f, type: 3}
      propertyPath: m_LocalPosition.z
      value: -192.88889
      objectReference: {fileID: 0}
    - target: {fileID: 3120653558509580149, guid: 0c8dffce65272e64ca11b5a3198cec5f, type: 3}
      propertyPath: m_LocalRotation.w
      value: 1
      objectReference: {fileID: 0}
    - target: {fileID: 3120653558509580149, guid: 0c8dffce65272e64ca11b5a3198cec5f, type: 3}
      propertyPath: m_LocalRotation.x
      value: -0
      objectReference: {fileID: 0}
    - target: {fileID: 3120653558509580149, guid: 0c8dffce65272e64ca11b5a3198cec5f, type: 3}
      propertyPath: m_LocalRotation.y
      value: -0
      objectReference: {fileID: 0}
    - target: {fileID: 3120653558509580149, guid: 0c8dffce65272e64ca11b5a3198cec5f, type: 3}
      propertyPath: m_LocalRotation.z
      value: -0
      objectReference: {fileID: 0}
    - target: {fileID: 3120653558509580149, guid: 0c8dffce65272e64ca11b5a3198cec5f, type: 3}
      propertyPath: m_LocalEulerAnglesHint.x
      value: 0
      objectReference: {fileID: 0}
    - target: {fileID: 3120653558509580149, guid: 0c8dffce65272e64ca11b5a3198cec5f, type: 3}
      propertyPath: m_LocalEulerAnglesHint.y
      value: 0
      objectReference: {fileID: 0}
    - target: {fileID: 3120653558509580149, guid: 0c8dffce65272e64ca11b5a3198cec5f, type: 3}
      propertyPath: m_LocalEulerAnglesHint.z
      value: 0
      objectReference: {fileID: 0}
    m_RemovedComponents: []
  m_SourcePrefab: {fileID: 100100000, guid: 0c8dffce65272e64ca11b5a3198cec5f, type: 3}
--- !u!1 &1855914910
GameObject:
  m_ObjectHideFlags: 0
  m_CorrespondingSourceObject: {fileID: 0}
  m_PrefabInstance: {fileID: 0}
  m_PrefabAsset: {fileID: 0}
  serializedVersion: 6
  m_Component:
  - component: {fileID: 1855914913}
  - component: {fileID: 1855914912}
  - component: {fileID: 1855914911}
  m_Layer: 0
  m_Name: Terrain
  m_TagString: Untagged
  m_Icon: {fileID: 0}
  m_NavMeshLayer: 0
  m_StaticEditorFlags: 4294967295
  m_IsActive: 1
--- !u!154 &1855914911
TerrainCollider:
  m_ObjectHideFlags: 0
  m_CorrespondingSourceObject: {fileID: 0}
  m_PrefabInstance: {fileID: 0}
  m_PrefabAsset: {fileID: 0}
  m_GameObject: {fileID: 1855914910}
  m_Material: {fileID: 0}
  m_Enabled: 1
  m_TerrainData: {fileID: 15600000, guid: fe6a937bfb3d1f844980ce0775a0388c, type: 2}
  m_EnableTreeColliders: 1
--- !u!218 &1855914912
Terrain:
  m_ObjectHideFlags: 0
  m_CorrespondingSourceObject: {fileID: 0}
  m_PrefabInstance: {fileID: 0}
  m_PrefabAsset: {fileID: 0}
  m_GameObject: {fileID: 1855914910}
  m_Enabled: 1
  serializedVersion: 6
  m_TerrainData: {fileID: 15600000, guid: fe6a937bfb3d1f844980ce0775a0388c, type: 2}
  m_TreeDistance: 5000
  m_TreeBillboardDistance: 50
  m_TreeCrossFadeLength: 5
  m_TreeMaximumFullLODCount: 50
  m_DetailObjectDistance: 80
  m_DetailObjectDensity: 1
  m_HeightmapPixelError: 5
  m_SplatMapDistance: 1000
  m_HeightmapMaximumLOD: 0
  m_ShadowCastingMode: 2
  m_DrawHeightmap: 1
  m_DrawInstanced: 0
  m_DrawTreesAndFoliage: 1
  m_ReflectionProbeUsage: 1
  m_MaterialTemplate: {fileID: 10652, guid: 0000000000000000f000000000000000, type: 0}
  m_BakeLightProbesForTrees: 1
  m_PreserveTreePrototypeLayers: 0
  m_DeringLightProbesForTrees: 1
  m_ScaleInLightmap: 0.0128
  m_LightmapParameters: {fileID: 15203, guid: 0000000000000000f000000000000000, type: 0}
  m_GroupingID: 0
  m_RenderingLayerMask: 1
  m_AllowAutoConnect: 1
--- !u!4 &1855914913
Transform:
  m_ObjectHideFlags: 0
  m_CorrespondingSourceObject: {fileID: 0}
  m_PrefabInstance: {fileID: 0}
  m_PrefabAsset: {fileID: 0}
  m_GameObject: {fileID: 1855914910}
  m_LocalRotation: {x: -0, y: -0, z: -0, w: 1}
  m_LocalPosition: {x: -63.6, y: 0, z: -69.6}
  m_LocalScale: {x: 1, y: 1, z: 1}
  m_Children: []
  m_Father: {fileID: 390216456}
  m_RootOrder: 0
  m_LocalEulerAnglesHint: {x: 0, y: 0, z: 0}
--- !u!224 &1886896137 stripped
RectTransform:
  m_CorrespondingSourceObject: {fileID: 6422998523697148141, guid: 997953cb9f1a7b745b6adab343ded979, type: 3}
  m_PrefabInstance: {fileID: 857416417}
  m_PrefabAsset: {fileID: 0}
--- !u!1001 &554323287099127281
PrefabInstance:
  m_ObjectHideFlags: 0
  serializedVersion: 2
  m_Modification:
    m_TransformParent: {fileID: 0}
    m_Modifications:
    - target: {fileID: 3103408287630486933, guid: 92814bcb7fa160a4cb1c62e143f5d078, type: 3}
      propertyPath: m_RootOrder
      value: 7
      objectReference: {fileID: 0}
    - target: {fileID: 3103408287630486933, guid: 92814bcb7fa160a4cb1c62e143f5d078, type: 3}
      propertyPath: m_LocalScale.x
      value: 27
      objectReference: {fileID: 0}
    - target: {fileID: 3103408287630486933, guid: 92814bcb7fa160a4cb1c62e143f5d078, type: 3}
      propertyPath: m_LocalScale.y
      value: 10
      objectReference: {fileID: 0}
    - target: {fileID: 3103408287630486933, guid: 92814bcb7fa160a4cb1c62e143f5d078, type: 3}
      propertyPath: m_LocalScale.z
      value: 22
      objectReference: {fileID: 0}
    - target: {fileID: 3103408287630486933, guid: 92814bcb7fa160a4cb1c62e143f5d078, type: 3}
      propertyPath: m_LocalPosition.x
      value: -20.8
      objectReference: {fileID: 0}
    - target: {fileID: 3103408287630486933, guid: 92814bcb7fa160a4cb1c62e143f5d078, type: 3}
      propertyPath: m_LocalPosition.y
      value: 50.11
      objectReference: {fileID: 0}
    - target: {fileID: 3103408287630486933, guid: 92814bcb7fa160a4cb1c62e143f5d078, type: 3}
      propertyPath: m_LocalPosition.z
      value: -3.38
      objectReference: {fileID: 0}
    - target: {fileID: 3103408287630486933, guid: 92814bcb7fa160a4cb1c62e143f5d078, type: 3}
      propertyPath: m_LocalRotation.w
      value: 1
      objectReference: {fileID: 0}
    - target: {fileID: 3103408287630486933, guid: 92814bcb7fa160a4cb1c62e143f5d078, type: 3}
      propertyPath: m_LocalRotation.x
      value: 0
      objectReference: {fileID: 0}
    - target: {fileID: 3103408287630486933, guid: 92814bcb7fa160a4cb1c62e143f5d078, type: 3}
      propertyPath: m_LocalRotation.y
      value: 0
      objectReference: {fileID: 0}
    - target: {fileID: 3103408287630486933, guid: 92814bcb7fa160a4cb1c62e143f5d078, type: 3}
      propertyPath: m_LocalRotation.z
      value: 0
      objectReference: {fileID: 0}
    - target: {fileID: 3103408287630486933, guid: 92814bcb7fa160a4cb1c62e143f5d078, type: 3}
      propertyPath: m_LocalEulerAnglesHint.x
      value: 0
      objectReference: {fileID: 0}
    - target: {fileID: 3103408287630486933, guid: 92814bcb7fa160a4cb1c62e143f5d078, type: 3}
      propertyPath: m_LocalEulerAnglesHint.y
      value: 0
      objectReference: {fileID: 0}
    - target: {fileID: 3103408287630486933, guid: 92814bcb7fa160a4cb1c62e143f5d078, type: 3}
      propertyPath: m_LocalEulerAnglesHint.z
      value: 0
      objectReference: {fileID: 0}
    - target: {fileID: 8286765964144144466, guid: 92814bcb7fa160a4cb1c62e143f5d078, type: 3}
      propertyPath: m_Name
      value: Cube
      objectReference: {fileID: 0}
    - target: {fileID: 8286765964144144466, guid: 92814bcb7fa160a4cb1c62e143f5d078, type: 3}
      propertyPath: m_StaticEditorFlags
      value: 4294967295
      objectReference: {fileID: 0}
    m_RemovedComponents: []
  m_SourcePrefab: {fileID: 100100000, guid: 92814bcb7fa160a4cb1c62e143f5d078, type: 3}
--- !u!1001 &4936490314370322590
PrefabInstance:
  m_ObjectHideFlags: 0
  serializedVersion: 2
  m_Modification:
    m_TransformParent: {fileID: 0}
    m_Modifications:
    - target: {fileID: 1484371789222522472, guid: 701b7a647ebf9b74db1b7a4c5dc51ad3, type: 3}
      propertyPath: m_CastShadows
      value: 0
      objectReference: {fileID: 0}
    - target: {fileID: 4936490315199674459, guid: 701b7a647ebf9b74db1b7a4c5dc51ad3, type: 3}
      propertyPath: m_RootOrder
      value: 2
      objectReference: {fileID: 0}
    - target: {fileID: 4936490315199674459, guid: 701b7a647ebf9b74db1b7a4c5dc51ad3, type: 3}
      propertyPath: m_LocalPosition.x
      value: 11.2
      objectReference: {fileID: 0}
    - target: {fileID: 4936490315199674459, guid: 701b7a647ebf9b74db1b7a4c5dc51ad3, type: 3}
      propertyPath: m_LocalPosition.y
      value: 53.9
      objectReference: {fileID: 0}
    - target: {fileID: 4936490315199674459, guid: 701b7a647ebf9b74db1b7a4c5dc51ad3, type: 3}
      propertyPath: m_LocalPosition.z
      value: 42.3
      objectReference: {fileID: 0}
    - target: {fileID: 4936490315199674459, guid: 701b7a647ebf9b74db1b7a4c5dc51ad3, type: 3}
      propertyPath: m_LocalRotation.w
      value: 0.62067163
      objectReference: {fileID: 0}
    - target: {fileID: 4936490315199674459, guid: 701b7a647ebf9b74db1b7a4c5dc51ad3, type: 3}
      propertyPath: m_LocalRotation.x
      value: -0
      objectReference: {fileID: 0}
    - target: {fileID: 4936490315199674459, guid: 701b7a647ebf9b74db1b7a4c5dc51ad3, type: 3}
      propertyPath: m_LocalRotation.y
      value: 0.7840707
      objectReference: {fileID: 0}
    - target: {fileID: 4936490315199674459, guid: 701b7a647ebf9b74db1b7a4c5dc51ad3, type: 3}
      propertyPath: m_LocalRotation.z
      value: -0
      objectReference: {fileID: 0}
    - target: {fileID: 4936490315199674459, guid: 701b7a647ebf9b74db1b7a4c5dc51ad3, type: 3}
      propertyPath: m_LocalEulerAnglesHint.x
      value: 0
      objectReference: {fileID: 0}
    - target: {fileID: 4936490315199674459, guid: 701b7a647ebf9b74db1b7a4c5dc51ad3, type: 3}
      propertyPath: m_LocalEulerAnglesHint.y
      value: 103.27
      objectReference: {fileID: 0}
    - target: {fileID: 4936490315199674459, guid: 701b7a647ebf9b74db1b7a4c5dc51ad3, type: 3}
      propertyPath: m_LocalEulerAnglesHint.z
      value: 0
      objectReference: {fileID: 0}
    - target: {fileID: 4936490315199964287, guid: 701b7a647ebf9b74db1b7a4c5dc51ad3, type: 3}
      propertyPath: m_Name
      value: Player
      objectReference: {fileID: 0}
    - target: {fileID: 5297309595509601084, guid: 701b7a647ebf9b74db1b7a4c5dc51ad3, type: 3}
      propertyPath: m_CastShadows
      value: 0
      objectReference: {fileID: 0}
    - target: {fileID: 7056591463418560902, guid: 701b7a647ebf9b74db1b7a4c5dc51ad3, type: 3}
      propertyPath: _gameOverCanvas
      value: 
      objectReference: {fileID: 174693121}
    - target: {fileID: 8027165098582699855, guid: 701b7a647ebf9b74db1b7a4c5dc51ad3, type: 3}
      propertyPath: m_CastShadows
      value: 0
      objectReference: {fileID: 0}
    - target: {fileID: 8027165098582699855, guid: 701b7a647ebf9b74db1b7a4c5dc51ad3, type: 3}
      propertyPath: m_ReceiveShadows
      value: 1
      objectReference: {fileID: 0}
    m_RemovedComponents: []
  m_SourcePrefab: {fileID: 100100000, guid: 701b7a647ebf9b74db1b7a4c5dc51ad3, type: 3}
